@mastersthesis{Kreuter,
  author        = {Marcel Kreuter}, 
  title         = {Sobolev Spaces of Vector-Valued Functions},
  school	= {Ulm University},
  year		= 2015,
  url		= {https://www.uni-ulm.de/fileadmin/website_uni_ulm/mawi.inst.020/abschlussarbeiten/MA_Marcel_Kreuter.pdf},
}

@book {CH,
    AUTHOR = {Cazenave, Thierry and Haraux, Alain},
     TITLE = {An introduction to semilinear evolution equations},
    SERIES = {Oxford Lecture Series in Mathematics and its Applications},
    VOLUME = {13},
      NOTE = {Translated from the 1990 French original by Yvan Martel and
              revised by the authors},
 PUBLISHER = {The Clarendon Press, Oxford University Press, New York},
      YEAR = {1998},
     PAGES = {xiv+186},
      ISBN = {0-19-850277-X},
   MRCLASS = {35-02 (34G20 35-01 47H20 47N20)},
  MRNUMBER = {1691574},
MRREVIEWER = {Sergiu Aizicovici},
}

@article {ERS,
    AUTHOR = {ter Elst, A. F. M. and Robinson, Derek W. and Sikora, Adam},
     TITLE = {Small time asymptotics of diffusion processes},
   JOURNAL = {J. Evol. Equ.},
  FJOURNAL = {Journal of Evolution Equations},
    VOLUME = {7},
      YEAR = {2007},
    NUMBER = {1},
     PAGES = {79--112},
      ISSN = {1424-3199},
   MRCLASS = {60J60 (35B40 35H20 35J70 35K05 47D06)},
  MRNUMBER = {2305727},
       URL = {https://doi.org/10.1007/s00028-006-0247-x},
}

@book {Berger,
    AUTHOR = {Berger, Marcel},
     TITLE = {A panoramic view of {R}iemannian geometry},
 PUBLISHER = {Springer-Verlag, Berlin},
      YEAR = {2003},
     PAGES = {xxiv+824},
      ISBN = {3-540-65317-1},
   MRCLASS = {53-02 (53C20 53C21 53C55 58J20)},
  MRNUMBER = {2002701},
MRREVIEWER = {J\"urgen Eichhorn},
       URL = {https://doi.org/10.1007/978-3-642-18245-7},
}


@book {Yosida,
    AUTHOR = {Yosida, K\=osaku},
     TITLE = {Functional analysis},
    SERIES = {Classics in Mathematics},
      NOTE = {Reprint of the sixth (1980) edition},
 PUBLISHER = {Springer-Verlag, Berlin},
      YEAR = {1995},
     PAGES = {xii+501},
      ISBN = {3-540-58654-7},
   MRCLASS = {46-01 (47-01)},
  MRNUMBER = {1336382},
       DOI = {10.1007/978-3-642-61859-8},
       URL = {http://dx.doi.org/10.1007/978-3-642-61859-8},
}

@book {Kato,
    AUTHOR = {Kato, Tosio},
     TITLE = {Perturbation theory for linear operators},
    SERIES = {Classics in Mathematics},
      NOTE = {Reprint of the 1980 edition},
 PUBLISHER = {Springer-Verlag, Berlin},
      YEAR = {1995},
     PAGES = {xxii+619},
      ISBN = {3-540-58661-X},
   MRCLASS = {47A55 (46-00 47-00)},
  MRNUMBER = {1335452},
}

@book {Lieberman,
    AUTHOR = {Lieberman, Gary M.},
     TITLE = {Second order parabolic differential equations},
 PUBLISHER = {World Scientific Publishing Co., Inc.},
   ADDRESS = {River Edge, NJ},
      YEAR = {1996},
     PAGES = {xii+439},
      ISBN = {981-02-2883-X},
   MRCLASS = {35-02 (35Bxx 35Dxx 35Kxx)},
  MRNUMBER = {1465184},
MRREVIEWER = {Siegfried Carl},
       DOI = {10.1142/3302},
       URL = {http://dx.doi.org/10.1142/3302},
}
		

@article {CS,
    AUTHOR = {Chiarenza, Filippo and Serapioni, Raul},
     TITLE = {A remark on a {H}arnack inequality for degenerate parabolic
              equations},
   JOURNAL = {Rend. Sem. Mat. Univ. Padova},
  FJOURNAL = {Rendiconti del Seminario Matematico della Universit\`a di
              Padova. The Mathematical Journal of the University of Padova},
    VOLUME = {73},
      YEAR = {1985},
     PAGES = {179--190},
      ISSN = {0041-8994},
   MRCLASS = {35K65 (35B45)},
  MRNUMBER = {799906},
MRREVIEWER = {Rouben Rostamian},
       URL = {http://www.numdam.org/item?id=RSMUP_1985__73__179_0},
}

@book {El-Maati,
    AUTHOR = {Ouhabaz, El Maati},
     TITLE = {Analysis of heat equations on domains},
    SERIES = {London Mathematical Society Monographs Series},
    VOLUME = {31},
 PUBLISHER = {Princeton University Press, Princeton, NJ},
      YEAR = {2005},
     PAGES = {xiv+284},
      ISBN = {0-691-12016-1},
   MRCLASS = {35-02 (35J70 35K20 47D06 47D07 47F05)},
  MRNUMBER = {2124040},
MRREVIEWER = {Sergey G. Pyatkov},
}

@article {AKM2,
    AUTHOR = {Axelsson, Andreas and Keith, Stephen and McIntosh, Alan},
     TITLE = {The {K}ato square root problem for mixed boundary value
              problems},
   JOURNAL = {J. London Math. Soc. (2)},
  FJOURNAL = {Journal of the London Mathematical Society. Second Series},
    VOLUME = {74},
      YEAR = {2006},
    NUMBER = {1},
     PAGES = {113--130},
      ISSN = {0024-6107},
     CODEN = {JLMSAK},
}


@article {BDensity,
    AUTHOR = {Bandara, Lashi},
     TITLE = {Density problems on vector bundles and manifolds},
   JOURNAL = {Proc. Amer. Math. Soc.},
  FJOURNAL = {Proceedings of the American Mathematical Society},
    VOLUME = {142},
      YEAR = {2014},
    NUMBER = {8},
     PAGES = {2683--2695},
      ISSN = {0002-9939},
   MRCLASS = {58J60 (46E35 53C21)},
  MRNUMBER = {3209324},
       DOI = {10.1090/S0002-9939-2014-12284-2},
       URL = {http://dx.doi.org/10.1090/S0002-9939-2014-12284-2},
}


@article {Norris,
    AUTHOR = {Norris, James R.},
     TITLE = {Heat kernel asymptotics and the distance function in
              {L}ipschitz {R}iemannian manifolds},
   JOURNAL = {Acta Math.},
  FJOURNAL = {Acta Mathematica},
    VOLUME = {179},
      YEAR = {1997},
    NUMBER = {1},
     PAGES = {79--103},
      ISSN = {0001-5962},
     CODEN = {ACMAA8},
   MRCLASS = {58G11 (35K99 58G18)},
  MRNUMBER = {1484769 (99d:58167)},
MRREVIEWER = {Alberto G. Setti},
       DOI = {10.1007/BF02392720},
       URL = {http://dx.doi.org/10.1007/BF02392720},
}


@article {BMc,
    AUTHOR = {Bandara, Lashi and McIntosh, Alan},
     TITLE = {The {K}ato {S}quare {R}oot {P}roblem on {V}ector {B}undles
              with {G}eneralised {B}ounded {G}eometry},
   JOURNAL = {J. Geom. Anal.},
  FJOURNAL = {Journal of Geometric Analysis},
    VOLUME = {26},
      YEAR = {2016},
    NUMBER = {1},
     PAGES = {428--462},
      ISSN = {1050-6926},
   MRCLASS = {58J05 (47A60 47B44 47F05)},
  MRNUMBER = {3441522},
       DOI = {10.1007/s12220-015-9557-y},
       URL = {http://dx.doi.org/10.1007/s12220-015-9557-y},
}


@ARTICLE{BRough,
   author = {{Bandara}, Lashi},
    title = "{Rough metrics on manifolds and quadratic estimates}",
  journal = {To appear in Math. Z.},
}

@ARTICLE{BLM,
   author = {{Bandara}, Lashi and {Lakzian}, Sajjad and {Munn}, Michael},
    title = "{Geometric singularities and a flow tangent to the Ricci flow}",
  journal = {To appear in Ann. Sc. Norm. Super. Pisa Cl. Sci.},
}
@ARTICLE{BCont,
	author = {Bandara, L.},
	doi = {10.5565/PUBLMAT_61117_09},
	fjournal = {Publicacions Matemàtiques},
	journal = {Publ. Mat.},
	number = {1},
	pages = {239--258},
	publisher = {Universitat Autònoma de Barcelona, Departament de Matemàtiques},
	title = {Continuity of solutions to space-varying pointwise linear elliptic equations},
	url = {http://dx.doi.org/10.5565/PUBLMAT_61117_09},
	volume = {61},
	year = {2017},
}

@article {SC, 
    AUTHOR = {Saloff-Coste, Laurent},
     TITLE = {Uniformly elliptic operators on {R}iemannian manifolds},
   JOURNAL = {J. Differential Geom.},
  FJOURNAL = {Journal of Differential Geometry},
    VOLUME = {36},
      YEAR = {1992},
    NUMBER = {2},
     PAGES = {417--450},
      ISSN = {0022-040X},
     CODEN = {JDGEAS},
   MRCLASS = {58G30 (35J15 58G11)},
  MRNUMBER = {1180389 (93m:58122)},
MRREVIEWER = {Dennis M. DeTurck},
       URL = {http://projecteuclid.org/euclid.jdg/1214448748},
}

@book {Davies,
    AUTHOR = {Davies, E. B.},
     TITLE = {Heat kernels and spectral theory},
    SERIES = {Cambridge Tracts in Mathematics},
    VOLUME = {92},
 PUBLISHER = {Cambridge University Press, Cambridge},
      YEAR = {1989},
     PAGES = {x+197},
      ISBN = {0-521-36136-2},
   MRCLASS = {35P15 (35J25 35P20 47F05 58G05 58G11 58G25)},
  MRNUMBER = {990239 (90e:35123)},
MRREVIEWER = {H. Triebel},
       DOI = {10.1017/CBO9780511566158},
       URL = {http://dx.doi.org/10.1017/CBO9780511566158},
}

@book {Chavel,
    AUTHOR = {Chavel, Isaac},
     TITLE = {Eigenvalues in {R}iemannian geometry},
    SERIES = {Pure and Applied Mathematics},
    VOLUME = {115},
      NOTE = {Including a chapter by Burton Randol,
              With an appendix by Jozef Dodziuk},
 PUBLISHER = {Academic Press Inc.},
   ADDRESS = {Orlando, FL},
      YEAR = {1984},
     PAGES = {xiv+362},
      ISBN = {0-12-170640-0},
   MRCLASS = {58G25 (35P99 53C20)},
  MRNUMBER = {768584 (86g:58140)},
MRREVIEWER = {G{\'e}rard Besson},
}

@book{aliprantis06,
  added-at = {2016-10-24T06:07:06.000+0200},
  address = {Berlin; London},
  author = {Aliprantis, Charalambos D. and Border, Kim C.},
  biburl = {https://www.bibsonomy.org/bibtex/241506e997f8a6eeb52d84f609e9886c4/ytyoun},
  doi = {10.1007/3-540-29587-9},
  interhash = {8a56846b1afd60982d45f1753bdd58c1},
  intrahash = {41506e997f8a6eeb52d84f609e9886c4},
  isbn = {9783540326960 3540326960},
  keywords = {math textbook},
  publisher = {Springer},
  refid = {137217542},
  timestamp = {2016-10-24T06:08:07.000+0200},
  title = {Infinite Dimensional Analysis: a Hitchhiker's Guide},
  year = 2006
}

@article {MR0159139,
    AUTHOR = {Moser, J\"urgen},
     TITLE = {A {H}arnack inequality for parabolic differential equations},
   JOURNAL = {Comm. Pure Appl. Math.},
  FJOURNAL = {Communications on Pure and Applied Mathematics},
    VOLUME = {17},
      YEAR = {1964},
     PAGES = {101--134},
      ISSN = {0010-3640},
   MRCLASS = {35.62},
  MRNUMBER = {0159139},
MRREVIEWER = {A. Friedman},
       URL = {https://doi.org/10.1002/cpa.3160170106},
}

@article {MR0288405,
    AUTHOR = {Moser, J.},
     TITLE = {On a pointwise estimate for parabolic differential equations},
   JOURNAL = {Comm. Pure Appl. Math.},
  FJOURNAL = {Communications on Pure and Applied Mathematics},
    VOLUME = {24},
      YEAR = {1971},
     PAGES = {727--740},
      ISSN = {0010-3640},
   MRCLASS = {35.19},
  MRNUMBER = {0288405},
MRREVIEWER = {N. S. Trudinger},
       URL = {https://doi.org/10.1002/cpa.3160240507},
}
