

@article{Norris,
  author =        {Norris, James R.},
  journal =       {Acta Math.},
  number =        {1},
  pages =         {79--103},
  title =         {Heat kernel asymptotics and the distance function in
                   {L}ipschitz {R}iemannian manifolds},
  volume =        {179},
  year =          {1997},
  doi =           {10.1007/BF02392720},
  issn =          {0001-5962},
  url =           {http://dx.doi.org/10.1007/BF02392720},
}

@article{ERS,
  author =        {ter Elst, A. F. M. and Robinson, Derek W. and
                   Sikora, Adam},
  journal =       {J. Evol. Equ.},
  number =        {1},
  pages =         {79--112},
  title =         {Small time asymptotics of diffusion processes},
  volume =        {7},
  year =          {2007},
  issn =          {1424-3199},
  url =           {https://doi.org/10.1007/s00028-006-0247-x},
}

@article{BMc,
  author =        {Bandara, Lashi and McIntosh, Alan},
  journal =       {J. Geom. Anal.},
  number =        {1},
  pages =         {428--462},
  title =         {The {K}ato {S}quare {R}oot {P}roblem on {V}ector
                   {B}undles with {G}eneralised {B}ounded {G}eometry},
  volume =        {26},
  year =          {2016},
  doi =           {10.1007/s12220-015-9557-y},
  issn =          {1050-6926},
  url =           {http://dx.doi.org/10.1007/s12220-015-9557-y},
}

@article{BRough,
  author =        {Bandara, Lashi},
  journal =       {Math. Z.},
  number =        {3-4},
  pages =         {1245--1281},
  title =         {Rough metrics on manifolds and quadratic estimates},
  volume =        {283},
  year =          {2016},
  doi =           {10.1007/s00209-016-1641-x},
  issn =          {0025-5874},
  url =           {http://dx.doi.org/10.1007/s00209-016-1641-x},
}

@article{BLM,
  author =        {Bandara, Lashi and Lakzian, Sajjad and Munn, Michael},
  journal =       {Ann. Sc. Norm. Super. Pisa Cl. Sci. (5)},
  number =        {2},
  pages =         {763--804},
  title =         {Geometric singularities and a flow tangent to the
                   {R}icci flow},
  volume =        {17},
  year =          {2017},
  issn =          {0391-173X},
}

@article{BCont,
  author =        {Bandara, Lashi},
  journal =       {Publ. Mat.},
  number =        {1},
  pages =         {239--258},
  publisher =     {Universitat Autònoma de Barcelona, Departament de
                   Matemàtiques},
  title =         {Continuity of solutions to space-varying pointwise
                   linear elliptic equations},
  volume =        {61},
  year =          {2017},
  doi =           {10.5565/PUBLMAT_61117_09},
  url =           {http://dx.doi.org/10.5565/PUBLMAT_61117_09},
}

@incollection{Petersen,
  author =        {Petersen, Peter},
  booktitle =     {Comparison geometry ({B}erkeley, {CA}, 1993--94)},
  pages =         {167--202},
  publisher =     {Cambridge Univ. Press, Cambridge},
  series =        {Math. Sci. Res. Inst. Publ.},
  title =         {Convergence theorems in {R}iemannian geometry},
  volume =        {30},
  year =          {1997},
  doi =           {10.2977/prims/1195166127},
  url =           {https://doi.org/10.2977/prims/1195166127},
}

@incollection{Perales,
  author =        {Perales, Raquel},
  booktitle =     {Mexican mathematicians abroad: recent contributions},
  pages =         {179--188},
  publisher =     {Amer. Math. Soc., Providence, RI},
  series =        {Contemp. Math.},
  title =         {A survey on the convergence of manifolds with
                   boundary},
  volume =        {657},
  year =          {2016},
  doi =           {10.1090/conm/657/13096},
  url =           {https://doi.org/10.1090/conm/657/13096},
}

@article{Burtscher,
  author =        {Burtscher, Annegret Y.},
  journal =       {New York J. Math.},
  pages =         {273--296},
  title =         {Length structures on manifolds with continuous
                   {R}iemannian metrics},
  volume =        {21},
  year =          {2015},
  issn =          {1076-9803},
  url =           {http://nyjm.albany.edu:8000/j/2015/21_273.html},
}

@article{SC,
  author =        {Saloff-Coste, Laurent},
  journal =       {J. Differential Geom.},
  number =        {2},
  pages =         {417--450},
  title =         {Uniformly elliptic operators on {R}iemannian
                   manifolds},
  volume =        {36},
  year =          {1992},
  issn =          {0022-040X},
  url =           {http://projecteuclid.org/euclid.jdg/1214448748},
}

@article{Sturm,
  author =        {Sturm, K. T.},
  journal =       {Ann. Probab.},
  number =        {1},
  pages =         {1--55},
  title =         {Diffusion processes and heat kernels on metric
                   spaces},
  volume =        {26},
  year =          {1998},
  issn =          {0091-1798},
  url =           {https://doi.org/10.1214/aop/1022855410},
}

@book{Chavel,
  address =       {Orlando, FL},
  author =        {Chavel, Isaac},
  note =          {Including a chapter by Burton Randol, With an
                   appendix by Jozef Dodziuk},
  pages =         {xiv+362},
  publisher =     {Academic Press Inc.},
  series =        {Pure and Applied Mathematics},
  title =         {Eigenvalues in {R}iemannian geometry},
  volume =        {115},
  year =          {1984},
  isbn =          {0-12-170640-0},
}

@book{Davies,
  author =        {Davies, E. B.},
  pages =         {x+197},
  publisher =     {Cambridge University Press, Cambridge},
  series =        {Cambridge Tracts in Mathematics},
  title =         {Heat kernels and spectral theory},
  volume =        {92},
  year =          {1989},
  doi =           {10.1017/CBO9780511566158},
  isbn =          {0-521-36136-2},
  url =           {http://dx.doi.org/10.1017/CBO9780511566158},
}

@article{IRV,
  author =        {Impera, Debora and Rimoldi, Michele and
                   Veronelli, Giona},
  journal =       {International Mathematics Research Notices},
  month =         {07},
  note =          {rnz131},
  title =         {Density Problems for second order Sobolev Spaces and
                   Cut-off Functions on Manifolds With Unbounded
                   Geometry},
  year =          {2019},
  doi =           {10.1093/imrn/rnz131},
  issn =          {1073-7928},
  url =           {https://doi.org/10.1093/imrn/rnz131},
}

@article{BDensity,
  author =        {Bandara, Lashi},
  journal =       {Proc. Amer. Math. Soc.},
  number =        {8},
  pages =         {2683--2695},
  title =         {Density problems on vector bundles and manifolds},
  volume =        {142},
  year =          {2014},
  doi =           {10.1090/S0002-9939-2014-12284-2},
  issn =          {0002-9939},
  url =           {http://dx.doi.org/10.1090/S0002-9939-2014-12284-2},
}

@book{Kato,
  author =        {Kato, Tosio},
  note =          {Reprint of the 1980 edition},
  pages =         {xxii+619},
  publisher =     {Springer-Verlag, Berlin},
  series =        {Classics in Mathematics},
  title =         {Perturbation theory for linear operators},
  year =          {1995},
  isbn =          {3-540-58661-X},
}

@book{Yosida,
  author =        {Yosida, K\=osaku},
  note =          {Reprint of the sixth (1980) edition},
  pages =         {xii+501},
  publisher =     {Springer-Verlag, Berlin},
  series =        {Classics in Mathematics},
  title =         {Functional analysis},
  year =          {1995},
  doi =           {10.1007/978-3-642-61859-8},
  isbn =          {3-540-58654-7},
  url =           {http://dx.doi.org/10.1007/978-3-642-61859-8},
}

@article{AKM2,
  author =        {Axelsson, Andreas and Keith, Stephen and
                   McIntosh, Alan},
  journal =       {J. London Math. Soc. (2)},
  number =        {1},
  pages =         {113--130},
  title =         {The {K}ato square root problem for mixed boundary
                   value problems},
  volume =        {74},
  year =          {2006},
  issn =          {0024-6107},
}

@book{El-Maati,
  author =        {Ouhabaz, El Maati},
  pages =         {xiv+284},
  publisher =     {Princeton University Press, Princeton, NJ},
  series =        {London Mathematical Society Monographs Series},
  title =         {Analysis of heat equations on domains},
  volume =        {31},
  year =          {2005},
  isbn =          {0-691-12016-1},
}

@book{AB,
  address =       {Berlin; London},
  author =        {Aliprantis, Charalambos D. and Border, Kim C.},
  publisher =     {Springer},
  title =         {Infinite Dimensional Analysis: a Hitchhiker's Guide},
  year =          {2006},
  biburl =        {https://www.bibsonomy.org/bibtex/
                  241506e997f8a6eeb52d84f609e9886c4/ytyoun},
  doi =           {10.1007/3-540-29587-9},
  isbn =          {9783540326960 3540326960},
  timestamp =     {2016-10-24T06:08:07.000+0200},
}

@article{MVV,
  author =        {Manavi, Amir and Vogt, Hendrik and Voigt, J\"urgen},
  journal =       {J. Operator Theory},
  number =        {1},
  pages =         {9--25},
  title =         {Domination of semigroups associated with sectorial
                   forms},
  volume =        {54},
  year =          {2005},
  issn =          {0379-4024},
}

@book{Aubin,
  author =        {Aubin, Thierry},
  pages =         {xii+204},
  publisher =     {Springer-Verlag, New York},
  series =        {Grundlehren der Mathematischen Wissenschaften
                   [Fundamental Principles of Mathematical Sciences]},
  title =         {Nonlinear analysis on manifolds. {M}onge-{A}mp\`ere
                   equations},
  volume =        {252},
  year =          {1982},
  doi =           {10.1007/978-1-4612-5734-9},
  isbn =          {0-387-90704-1},
  url =           {https://doi.org/10.1007/978-1-4612-5734-9},
}

@article{CS,
  author =        {Chiarenza, Filippo and Serapioni, Raul},
  journal =       {Rend. Sem. Mat. Univ. Padova},
  pages =         {179--190},
  title =         {A remark on a {H}arnack inequality for degenerate
                   parabolic equations},
  volume =        {73},
  year =          {1985},
  issn =          {0041-8994},
  url =           {http://www.numdam.org/item?id=RSMUP_1985__73__179_0},
}

@article{MR0159139,
  author =        {Moser, J\"urgen},
  journal =       {Comm. Pure Appl. Math.},
  pages =         {101--134},
  title =         {A {H}arnack inequality for parabolic differential
                   equations},
  volume =        {17},
  year =          {1964},
  issn =          {0010-3640},
  url =           {https://doi.org/10.1002/cpa.3160170106},
}

@article{MR0288405,
  author =        {Moser, J\"urgen},
  journal =       {Comm. Pure Appl. Math.},
  pages =         {727--740},
  title =         {On a pointwise estimate for parabolic differential
                   equations},
  volume =        {24},
  year =          {1971},
  issn =          {0010-3640},
  url =           {https://doi.org/10.1002/cpa.3160240507},
}

@book{CH,
  author =        {Cazenave, Thierry and Haraux, Alain},
  note =          {Translated from the 1990 French original by Yvan
                   Martel and revised by the authors},
  pages =         {xiv+186},
  publisher =     {The Clarendon Press, Oxford University Press, New
                   York},
  series =        {Oxford Lecture Series in Mathematics and its
                   Applications},
  title =         {An introduction to semilinear evolution equations},
  volume =        {13},
  year =          {1998},
  isbn =          {0-19-850277-X},
}

@mastersthesis{Kreuter,
  author =        {Marcel Kreuter},
  school =        {Ulm University},
  title =         {Sobolev Spaces of Vector-Valued Functions},
  year =          {2015},
  url =           {https://www.uni-ulm.de/fileadmin/website_uni_ulm/
                  mawi.inst.020/abschlussarbeiten/MA_Marcel_Kreuter.pdf},
}

@book{Lieberman,
  address =       {River Edge, NJ},
  author =        {Lieberman, Gary M.},
  pages =         {xii+439},
  publisher =     {World Scientific Publishing Co., Inc.},
  title =         {Second order parabolic differential equations},
  year =          {1996},
  doi =           {10.1142/3302},
  isbn =          {981-02-2883-X},
  url =           {http://dx.doi.org/10.1142/3302},
}

